@Book{FMBEM,
author = {Liu, Yijun},
title = {Fast Multipole Boundary Element Method},
publisher = {Cambridge University Press},
year = {2014}
}

@Article{FastParticle,
author = {L. Greengard, V. Rohklin},
title = {A Fast Algorithm for Particle Simulations},
journal = {Journal of Computational Physics},
year = {1987},
volume = {73},
pages = {325-348}
}
